%YAML 1.1
%TAG !u! tag:unity3d.com,2011:
--- !u!1 &3469452422970538150
GameObject:
  m_ObjectHideFlags: 0
  m_CorrespondingSourceObject: {fileID: 0}
  m_PrefabInstance: {fileID: 0}
  m_PrefabAsset: {fileID: 0}
  serializedVersion: 6
  m_Component:
  - component: {fileID: 6995008888193692368}
  m_Layer: 0
  m_Name: ProjectileSpawnPoint Extra
  m_TagString: Untagged
  m_Icon: {fileID: 0}
  m_NavMeshLayer: 0
  m_StaticEditorFlags: 0
  m_IsActive: 1
--- !u!4 &6995008888193692368
Transform:
  m_ObjectHideFlags: 0
  m_CorrespondingSourceObject: {fileID: 0}
  m_PrefabInstance: {fileID: 0}
  m_PrefabAsset: {fileID: 0}
  m_GameObject: {fileID: 3469452422970538150}
  m_LocalRotation: {x: -0, y: -0, z: -0, w: 1}
  m_LocalPosition: {x: 0, y: -0.00088340044, z: 0.57072395}
  m_LocalScale: {x: 1, y: 1, z: 1}
  m_Children: []
  m_Father: {fileID: 2928238707077993926}
  m_RootOrder: 1
  m_LocalEulerAnglesHint: {x: 0, y: 0, z: 0}
--- !u!205 &6853029090012614143
LODGroup:
  m_ObjectHideFlags: 0
  m_CorrespondingSourceObject: {fileID: 0}
  m_PrefabInstance: {fileID: 0}
  m_PrefabAsset: {fileID: 0}
  m_GameObject: {fileID: 3354229567185105440}
  serializedVersion: 2
  m_LocalReferencePoint: {x: 0, y: 0.4857068, z: -0.056656003}
  m_Size: 1.4598658
  m_FadeMode: 0
  m_AnimateCrossFading: 0
  m_LastLODIsBillboard: 0
  m_LODs:
  - screenRelativeHeight: 0.20128474
    fadeTransitionWidth: 0
    renderers:
    - renderer: {fileID: 657323480195916978}
    - renderer: {fileID: 3209722078387507393}
    - renderer: {fileID: 5258756109741729476}
    - renderer: {fileID: 3437400267614425587}
    - renderer: {fileID: 8552438599360445737}
    - renderer: {fileID: 8428314577132009510}
    - renderer: {fileID: 1435371518982929290}
    - renderer: {fileID: 8769503140171143258}
    - renderer: {fileID: 2586213105649667651}
  - screenRelativeHeight: 0.06330714
    fadeTransitionWidth: 0
    renderers:
    - renderer: {fileID: 5360260384341238955}
    - renderer: {fileID: 5593614373792786641}
    - renderer: {fileID: 1212304153836693670}
    - renderer: {fileID: 4804391536622788608}
    - renderer: {fileID: 4219088619165740495}
    - renderer: {fileID: 4937937853987398715}
    - renderer: {fileID: 1896707783213698350}
    - renderer: {fileID: 895299412989877877}
    - renderer: {fileID: 7766887942472711790}
  - screenRelativeHeight: 0.0008543533
    fadeTransitionWidth: 0
    renderers:
    - renderer: {fileID: 5481782673170115925}
    - renderer: {fileID: 2246436221300962368}
    - renderer: {fileID: 7919298066224114465}
    - renderer: {fileID: 2819198837253713724}
    - renderer: {fileID: 5412063234157723606}
    - renderer: {fileID: 5456344384854446054}
    - renderer: {fileID: 3105188196864404821}
    - renderer: {fileID: 2405659332401527159}
    - renderer: {fileID: 2032480266217461971}
  m_Enabled: 1
--- !u!1001 &677304025265655926
PrefabInstance:
  m_ObjectHideFlags: 0
  serializedVersion: 2
  m_Modification:
    m_TransformParent: {fileID: 4528686650397054999}
    m_Modifications:
    - target: {fileID: 988380383190501944, guid: 6aa40d5c1d7b095499950b83129f1a95, type: 3}
      propertyPath: m_RootOrder
      value: 9
      objectReference: {fileID: 0}
    - target: {fileID: 988380383190501944, guid: 6aa40d5c1d7b095499950b83129f1a95, type: 3}
      propertyPath: m_LocalPosition.x
      value: 0
      objectReference: {fileID: 0}
    - target: {fileID: 988380383190501944, guid: 6aa40d5c1d7b095499950b83129f1a95, type: 3}
      propertyPath: m_LocalPosition.y
      value: 0
      objectReference: {fileID: 0}
    - target: {fileID: 988380383190501944, guid: 6aa40d5c1d7b095499950b83129f1a95, type: 3}
      propertyPath: m_LocalPosition.z
      value: 0
      objectReference: {fileID: 0}
    - target: {fileID: 988380383190501944, guid: 6aa40d5c1d7b095499950b83129f1a95, type: 3}
      propertyPath: m_LocalRotation.w
      value: 1
      objectReference: {fileID: 0}
    - target: {fileID: 988380383190501944, guid: 6aa40d5c1d7b095499950b83129f1a95, type: 3}
      propertyPath: m_LocalRotation.x
      value: 0
      objectReference: {fileID: 0}
    - target: {fileID: 988380383190501944, guid: 6aa40d5c1d7b095499950b83129f1a95, type: 3}
      propertyPath: m_LocalRotation.y
      value: 0
      objectReference: {fileID: 0}
    - target: {fileID: 988380383190501944, guid: 6aa40d5c1d7b095499950b83129f1a95, type: 3}
      propertyPath: m_LocalRotation.z
      value: 0
      objectReference: {fileID: 0}
    - target: {fileID: 988380383190501944, guid: 6aa40d5c1d7b095499950b83129f1a95, type: 3}
      propertyPath: m_LocalEulerAnglesHint.x
      value: 0
      objectReference: {fileID: 0}
    - target: {fileID: 988380383190501944, guid: 6aa40d5c1d7b095499950b83129f1a95, type: 3}
      propertyPath: m_LocalEulerAnglesHint.y
      value: 0
      objectReference: {fileID: 0}
    - target: {fileID: 988380383190501944, guid: 6aa40d5c1d7b095499950b83129f1a95, type: 3}
      propertyPath: m_LocalEulerAnglesHint.z
      value: 0
      objectReference: {fileID: 0}
    - target: {fileID: 5692732580176846187, guid: 6aa40d5c1d7b095499950b83129f1a95, type: 3}
      propertyPath: m_Name
      value: mobilecar_lp0
      objectReference: {fileID: 0}
    - target: {fileID: 7065849402302393089, guid: 6aa40d5c1d7b095499950b83129f1a95, type: 3}
      propertyPath: m_LocalScale.x
      value: 0.15
      objectReference: {fileID: 0}
    - target: {fileID: 7065849402302393089, guid: 6aa40d5c1d7b095499950b83129f1a95, type: 3}
      propertyPath: m_LocalScale.y
      value: 0.15
      objectReference: {fileID: 0}
    - target: {fileID: 7065849402302393089, guid: 6aa40d5c1d7b095499950b83129f1a95, type: 3}
      propertyPath: m_LocalScale.z
      value: 0.15
      objectReference: {fileID: 0}
    - target: {fileID: 8529592283445062790, guid: 6aa40d5c1d7b095499950b83129f1a95, type: 3}
      propertyPath: m_RootOrder
      value: 9
      objectReference: {fileID: 0}
    m_RemovedComponents: []
  m_SourcePrefab: {fileID: 100100000, guid: 6aa40d5c1d7b095499950b83129f1a95, type: 3}
--- !u!23 &4219088619165740495 stripped
MeshRenderer:
  m_CorrespondingSourceObject: {fileID: 3741210165817556409, guid: 6aa40d5c1d7b095499950b83129f1a95, type: 3}
  m_PrefabInstance: {fileID: 677304025265655926}
  m_PrefabAsset: {fileID: 0}
--- !u!23 &4804391536622788608 stripped
MeshRenderer:
  m_CorrespondingSourceObject: {fileID: 5461429054117621878, guid: 6aa40d5c1d7b095499950b83129f1a95, type: 3}
  m_PrefabInstance: {fileID: 677304025265655926}
  m_PrefabAsset: {fileID: 0}
--- !u!23 &1212304153836693670 stripped
MeshRenderer:
  m_CorrespondingSourceObject: {fileID: 1852312434372278480, guid: 6aa40d5c1d7b095499950b83129f1a95, type: 3}
  m_PrefabInstance: {fileID: 677304025265655926}
  m_PrefabAsset: {fileID: 0}
--- !u!23 &895299412989877877 stripped
MeshRenderer:
  m_CorrespondingSourceObject: {fileID: 363378141982772739, guid: 6aa40d5c1d7b095499950b83129f1a95, type: 3}
  m_PrefabInstance: {fileID: 677304025265655926}
  m_PrefabAsset: {fileID: 0}
--- !u!23 &5360260384341238955 stripped
MeshRenderer:
  m_CorrespondingSourceObject: {fileID: 4829332177640813789, guid: 6aa40d5c1d7b095499950b83129f1a95, type: 3}
  m_PrefabInstance: {fileID: 677304025265655926}
  m_PrefabAsset: {fileID: 0}
--- !u!23 &5593614373792786641 stripped
MeshRenderer:
  m_CorrespondingSourceObject: {fileID: 4955867032975767719, guid: 6aa40d5c1d7b095499950b83129f1a95, type: 3}
  m_PrefabInstance: {fileID: 677304025265655926}
  m_PrefabAsset: {fileID: 0}
--- !u!23 &7766887942472711790 stripped
MeshRenderer:
  m_CorrespondingSourceObject: {fileID: 7111116754088062488, guid: 6aa40d5c1d7b095499950b83129f1a95, type: 3}
  m_PrefabInstance: {fileID: 677304025265655926}
  m_PrefabAsset: {fileID: 0}
--- !u!23 &1896707783213698350 stripped
MeshRenderer:
  m_CorrespondingSourceObject: {fileID: 1383785694195686744, guid: 6aa40d5c1d7b095499950b83129f1a95, type: 3}
  m_PrefabInstance: {fileID: 677304025265655926}
  m_PrefabAsset: {fileID: 0}
--- !u!23 &4937937853987398715 stripped
MeshRenderer:
  m_CorrespondingSourceObject: {fileID: 5611854833523455053, guid: 6aa40d5c1d7b095499950b83129f1a95, type: 3}
  m_PrefabInstance: {fileID: 677304025265655926}
  m_PrefabAsset: {fileID: 0}
--- !u!1001 &3878672952799000164
PrefabInstance:
  m_ObjectHideFlags: 0
  serializedVersion: 2
  m_Modification:
    m_TransformParent: {fileID: 4528686650397054999}
    m_Modifications:
    - target: {fileID: 1521584994958991953, guid: 58682c769fc0d324dad5edccabb52cdd, type: 3}
      propertyPath: m_Name
      value: mobilecar_lp1
      objectReference: {fileID: 0}
    - target: {fileID: 3234317636556571276, guid: 58682c769fc0d324dad5edccabb52cdd, type: 3}
      propertyPath: m_RootOrder
      value: 10
      objectReference: {fileID: 0}
    - target: {fileID: 3234317636556571276, guid: 58682c769fc0d324dad5edccabb52cdd, type: 3}
      propertyPath: m_LocalPosition.x
      value: 0
      objectReference: {fileID: 0}
    - target: {fileID: 3234317636556571276, guid: 58682c769fc0d324dad5edccabb52cdd, type: 3}
      propertyPath: m_LocalPosition.y
      value: 0
      objectReference: {fileID: 0}
    - target: {fileID: 3234317636556571276, guid: 58682c769fc0d324dad5edccabb52cdd, type: 3}
      propertyPath: m_LocalPosition.z
      value: 0
      objectReference: {fileID: 0}
    - target: {fileID: 3234317636556571276, guid: 58682c769fc0d324dad5edccabb52cdd, type: 3}
      propertyPath: m_LocalRotation.w
      value: 1
      objectReference: {fileID: 0}
    - target: {fileID: 3234317636556571276, guid: 58682c769fc0d324dad5edccabb52cdd, type: 3}
      propertyPath: m_LocalRotation.x
      value: 0
      objectReference: {fileID: 0}
    - target: {fileID: 3234317636556571276, guid: 58682c769fc0d324dad5edccabb52cdd, type: 3}
      propertyPath: m_LocalRotation.y
      value: 0
      objectReference: {fileID: 0}
    - target: {fileID: 3234317636556571276, guid: 58682c769fc0d324dad5edccabb52cdd, type: 3}
      propertyPath: m_LocalRotation.z
      value: 0
      objectReference: {fileID: 0}
    - target: {fileID: 3234317636556571276, guid: 58682c769fc0d324dad5edccabb52cdd, type: 3}
      propertyPath: m_LocalEulerAnglesHint.x
      value: 0
      objectReference: {fileID: 0}
    - target: {fileID: 3234317636556571276, guid: 58682c769fc0d324dad5edccabb52cdd, type: 3}
      propertyPath: m_LocalEulerAnglesHint.y
      value: 0
      objectReference: {fileID: 0}
    - target: {fileID: 3234317636556571276, guid: 58682c769fc0d324dad5edccabb52cdd, type: 3}
      propertyPath: m_LocalEulerAnglesHint.z
      value: 0
      objectReference: {fileID: 0}
    m_RemovedComponents: []
  m_SourcePrefab: {fileID: 100100000, guid: 58682c769fc0d324dad5edccabb52cdd, type: 3}
--- !u!23 &2246436221300962368 stripped
MeshRenderer:
  m_CorrespondingSourceObject: {fileID: 3098231727446360612, guid: 58682c769fc0d324dad5edccabb52cdd, type: 3}
  m_PrefabInstance: {fileID: 3878672952799000164}
  m_PrefabAsset: {fileID: 0}
--- !u!23 &7919298066224114465 stripped
MeshRenderer:
  m_CorrespondingSourceObject: {fileID: 6356038272527244613, guid: 58682c769fc0d324dad5edccabb52cdd, type: 3}
  m_PrefabInstance: {fileID: 3878672952799000164}
  m_PrefabAsset: {fileID: 0}
--- !u!23 &2819198837253713724 stripped
MeshRenderer:
  m_CorrespondingSourceObject: {fileID: 1354491568686127448, guid: 58682c769fc0d324dad5edccabb52cdd, type: 3}
  m_PrefabInstance: {fileID: 3878672952799000164}
  m_PrefabAsset: {fileID: 0}
--- !u!23 &5456344384854446054 stripped
MeshRenderer:
  m_CorrespondingSourceObject: {fileID: 9109379958392600962, guid: 58682c769fc0d324dad5edccabb52cdd, type: 3}
  m_PrefabInstance: {fileID: 3878672952799000164}
  m_PrefabAsset: {fileID: 0}
--- !u!23 &3105188196864404821 stripped
MeshRenderer:
  m_CorrespondingSourceObject: {fileID: 2216906496861100849, guid: 58682c769fc0d324dad5edccabb52cdd, type: 3}
  m_PrefabInstance: {fileID: 3878672952799000164}
  m_PrefabAsset: {fileID: 0}
--- !u!23 &2405659332401527159 stripped
MeshRenderer:
  m_CorrespondingSourceObject: {fileID: 1491059722208055059, guid: 58682c769fc0d324dad5edccabb52cdd, type: 3}
  m_PrefabInstance: {fileID: 3878672952799000164}
  m_PrefabAsset: {fileID: 0}
--- !u!23 &2032480266217461971 stripped
MeshRenderer:
  m_CorrespondingSourceObject: {fileID: 3019384860589289143, guid: 58682c769fc0d324dad5edccabb52cdd, type: 3}
  m_PrefabInstance: {fileID: 3878672952799000164}
  m_PrefabAsset: {fileID: 0}
--- !u!23 &5412063234157723606 stripped
MeshRenderer:
  m_CorrespondingSourceObject: {fileID: 9135642374827133362, guid: 58682c769fc0d324dad5edccabb52cdd, type: 3}
  m_PrefabInstance: {fileID: 3878672952799000164}
  m_PrefabAsset: {fileID: 0}
--- !u!23 &5481782673170115925 stripped
MeshRenderer:
  m_CorrespondingSourceObject: {fileID: 8773263639836482353, guid: 58682c769fc0d324dad5edccabb52cdd, type: 3}
  m_PrefabInstance: {fileID: 3878672952799000164}
  m_PrefabAsset: {fileID: 0}
--- !u!1001 &6620845697021912933
PrefabInstance:
  m_ObjectHideFlags: 0
  serializedVersion: 2
  m_Modification:
    m_TransformParent: {fileID: 4528686650397054999}
    m_Modifications:
    - target: {fileID: 2340674546489279558, guid: 3e9f1406ab977c340936d2556da430c6, type: 3}
      propertyPath: m_RootOrder
      value: 6
      objectReference: {fileID: 0}
    - target: {fileID: 2340674546489279558, guid: 3e9f1406ab977c340936d2556da430c6, type: 3}
      propertyPath: m_LocalPosition.x
      value: 0.421
      objectReference: {fileID: 0}
    - target: {fileID: 2340674546489279558, guid: 3e9f1406ab977c340936d2556da430c6, type: 3}
      propertyPath: m_LocalPosition.y
      value: 0
      objectReference: {fileID: 0}
    - target: {fileID: 2340674546489279558, guid: 3e9f1406ab977c340936d2556da430c6, type: 3}
      propertyPath: m_LocalPosition.z
      value: -0.722
      objectReference: {fileID: 0}
    - target: {fileID: 2340674546489279558, guid: 3e9f1406ab977c340936d2556da430c6, type: 3}
      propertyPath: m_LocalRotation.w
      value: 1
      objectReference: {fileID: 0}
    - target: {fileID: 2340674546489279558, guid: 3e9f1406ab977c340936d2556da430c6, type: 3}
      propertyPath: m_LocalRotation.x
      value: 0
      objectReference: {fileID: 0}
    - target: {fileID: 2340674546489279558, guid: 3e9f1406ab977c340936d2556da430c6, type: 3}
      propertyPath: m_LocalRotation.y
      value: 0
      objectReference: {fileID: 0}
    - target: {fileID: 2340674546489279558, guid: 3e9f1406ab977c340936d2556da430c6, type: 3}
      propertyPath: m_LocalRotation.z
      value: 0
      objectReference: {fileID: 0}
    - target: {fileID: 2340674546489279558, guid: 3e9f1406ab977c340936d2556da430c6, type: 3}
      propertyPath: m_LocalEulerAnglesHint.x
      value: 0
      objectReference: {fileID: 0}
    - target: {fileID: 2340674546489279558, guid: 3e9f1406ab977c340936d2556da430c6, type: 3}
      propertyPath: m_LocalEulerAnglesHint.y
      value: 0
      objectReference: {fileID: 0}
    - target: {fileID: 2340674546489279558, guid: 3e9f1406ab977c340936d2556da430c6, type: 3}
      propertyPath: m_LocalEulerAnglesHint.z
      value: 0
      objectReference: {fileID: 0}
    - target: {fileID: 9105288945822292159, guid: 3e9f1406ab977c340936d2556da430c6, type: 3}
      propertyPath: m_Name
      value: TrailRight
      objectReference: {fileID: 0}
    m_RemovedComponents: []
  m_SourcePrefab: {fileID: 100100000, guid: 3e9f1406ab977c340936d2556da430c6, type: 3}
--- !u!198 &6356335336858877711 stripped
ParticleSystem:
  m_CorrespondingSourceObject: {fileID: 276906896354859114, guid: 3e9f1406ab977c340936d2556da430c6, type: 3}
  m_PrefabInstance: {fileID: 6620845697021912933}
  m_PrefabAsset: {fileID: 0}
--- !u!1001 &7037794296109404849
PrefabInstance:
  m_ObjectHideFlags: 0
  serializedVersion: 2
  m_Modification:
    m_TransformParent: {fileID: 4528686650397054999}
    m_Modifications:
    - target: {fileID: 2340674546489279558, guid: 3e9f1406ab977c340936d2556da430c6, type: 3}
      propertyPath: m_RootOrder
      value: 7
      objectReference: {fileID: 0}
    - target: {fileID: 2340674546489279558, guid: 3e9f1406ab977c340936d2556da430c6, type: 3}
      propertyPath: m_LocalPosition.x
      value: -0.424
      objectReference: {fileID: 0}
    - target: {fileID: 2340674546489279558, guid: 3e9f1406ab977c340936d2556da430c6, type: 3}
      propertyPath: m_LocalPosition.y
      value: 0
      objectReference: {fileID: 0}
    - target: {fileID: 2340674546489279558, guid: 3e9f1406ab977c340936d2556da430c6, type: 3}
      propertyPath: m_LocalPosition.z
      value: -0.746
      objectReference: {fileID: 0}
    - target: {fileID: 2340674546489279558, guid: 3e9f1406ab977c340936d2556da430c6, type: 3}
      propertyPath: m_LocalRotation.w
      value: 1
      objectReference: {fileID: 0}
    - target: {fileID: 2340674546489279558, guid: 3e9f1406ab977c340936d2556da430c6, type: 3}
      propertyPath: m_LocalRotation.x
      value: 0
      objectReference: {fileID: 0}
    - target: {fileID: 2340674546489279558, guid: 3e9f1406ab977c340936d2556da430c6, type: 3}
      propertyPath: m_LocalRotation.y
      value: 0
      objectReference: {fileID: 0}
    - target: {fileID: 2340674546489279558, guid: 3e9f1406ab977c340936d2556da430c6, type: 3}
      propertyPath: m_LocalRotation.z
      value: 0
      objectReference: {fileID: 0}
    - target: {fileID: 2340674546489279558, guid: 3e9f1406ab977c340936d2556da430c6, type: 3}
      propertyPath: m_LocalEulerAnglesHint.x
      value: 0
      objectReference: {fileID: 0}
    - target: {fileID: 2340674546489279558, guid: 3e9f1406ab977c340936d2556da430c6, type: 3}
      propertyPath: m_LocalEulerAnglesHint.y
      value: 0
      objectReference: {fileID: 0}
    - target: {fileID: 2340674546489279558, guid: 3e9f1406ab977c340936d2556da430c6, type: 3}
      propertyPath: m_LocalEulerAnglesHint.z
      value: 0
      objectReference: {fileID: 0}
    - target: {fileID: 9105288945822292159, guid: 3e9f1406ab977c340936d2556da430c6, type: 3}
      propertyPath: m_Name
      value: TrailLeft
      objectReference: {fileID: 0}
    m_RemovedComponents: []
  m_SourcePrefab: {fileID: 100100000, guid: 3e9f1406ab977c340936d2556da430c6, type: 3}
--- !u!198 &7096689796823206619 stripped
ParticleSystem:
  m_CorrespondingSourceObject: {fileID: 276906896354859114, guid: 3e9f1406ab977c340936d2556da430c6, type: 3}
  m_PrefabInstance: {fileID: 7037794296109404849}
  m_PrefabAsset: {fileID: 0}
--- !u!1001 &7242637952535127183
PrefabInstance:
  m_ObjectHideFlags: 0
  serializedVersion: 2
  m_Modification:
    m_TransformParent: {fileID: 0}
    m_Modifications:
    - target: {fileID: -7720721602174478928, guid: 9ca0684ac427a25449aa0d06f765bab5, type: 3}
      propertyPath: VFXprefab
      value: 
      objectReference: {fileID: 3251308749408036007, guid: 61d7d3ed85f3e5f4a956d5199003784d, type: 3}
    - target: {fileID: -7720721602174478928, guid: 9ca0684ac427a25449aa0d06f765bab5, type: 3}
      propertyPath: maxHealth
      value: 75
      objectReference: {fileID: 0}
    - target: {fileID: 2608099176209291154, guid: 9ca0684ac427a25449aa0d06f765bab5, type: 3}
      propertyPath: trailLeft
      value: 
      objectReference: {fileID: 7096689796823206619}
    - target: {fileID: 2608099176209291154, guid: 9ca0684ac427a25449aa0d06f765bab5, type: 3}
      propertyPath: chaseRange
      value: 12
      objectReference: {fileID: 0}
    - target: {fileID: 2608099176209291154, guid: 9ca0684ac427a25449aa0d06f765bab5, type: 3}
      propertyPath: trailRight
      value: 
      objectReference: {fileID: 6356335336858877711}
    - target: {fileID: 2608099176209291154, guid: 9ca0684ac427a25449aa0d06f765bab5, type: 3}
      propertyPath: alignFloorMask.m_Bits
      value: 4352
      objectReference: {fileID: 0}
    - target: {fileID: 2608099176209291154, guid: 9ca0684ac427a25449aa0d06f765bab5, type: 3}
      propertyPath: aligningObjects.Array.size
      value: 1
      objectReference: {fileID: 0}
    - target: {fileID: 2608099176209291154, guid: 9ca0684ac427a25449aa0d06f765bab5, type: 3}
      propertyPath: aligningObjects.Array.data[0]
      value: 
      objectReference: {fileID: 5236989967486131916}
    - target: {fileID: 3157879162171648759, guid: 9ca0684ac427a25449aa0d06f765bab5, type: 3}
      propertyPath: m_IsActive
      value: 1
      objectReference: {fileID: 0}
    - target: {fileID: 3378070932466443146, guid: 9ca0684ac427a25449aa0d06f765bab5, type: 3}
      propertyPath: m_LocalPosition.y
      value: 0.681
      objectReference: {fileID: 0}
    - target: {fileID: 3378070932466443146, guid: 9ca0684ac427a25449aa0d06f765bab5, type: 3}
      propertyPath: m_LocalPosition.z
      value: 0.047
      objectReference: {fileID: 0}
    - target: {fileID: 3385407083657816224, guid: 9ca0684ac427a25449aa0d06f765bab5, type: 3}
      propertyPath: m_LocalPosition.y
      value: 0.324
      objectReference: {fileID: 0}
    - target: {fileID: 3385407083657816224, guid: 9ca0684ac427a25449aa0d06f765bab5, type: 3}
      propertyPath: m_LocalPosition.z
      value: -0.051
      objectReference: {fileID: 0}
    - target: {fileID: 3941426867946460992, guid: 9ca0684ac427a25449aa0d06f765bab5, type: 3}
      propertyPath: m_Size.x
      value: 1.98
      objectReference: {fileID: 0}
    - target: {fileID: 3941426867946460992, guid: 9ca0684ac427a25449aa0d06f765bab5, type: 3}
      propertyPath: m_Size.y
      value: 1.32
      objectReference: {fileID: 0}
    - target: {fileID: 3941426867946460992, guid: 9ca0684ac427a25449aa0d06f765bab5, type: 3}
      propertyPath: m_Size.z
      value: 2
      objectReference: {fileID: 0}
    - target: {fileID: 3941426867946460992, guid: 9ca0684ac427a25449aa0d06f765bab5, type: 3}
      propertyPath: m_Center.x
      value: 0
      objectReference: {fileID: 0}
    - target: {fileID: 3941426867946460992, guid: 9ca0684ac427a25449aa0d06f765bab5, type: 3}
      propertyPath: m_Center.y
      value: 0.5
      objectReference: {fileID: 0}
    - target: {fileID: 3941426867946460992, guid: 9ca0684ac427a25449aa0d06f765bab5, type: 3}
      propertyPath: m_Center.z
      value: -0.2
      objectReference: {fileID: 0}
    - target: {fileID: 4774847950687258670, guid: 9ca0684ac427a25449aa0d06f765bab5, type: 3}
      propertyPath: m_Mass
      value: 20
      objectReference: {fileID: 0}
    - target: {fileID: 4857363077132000565, guid: 9ca0684ac427a25449aa0d06f765bab5, type: 3}
      propertyPath: m_RootOrder
      value: 5
      objectReference: {fileID: 0}
    - target: {fileID: 5118758621545945124, guid: 9ca0684ac427a25449aa0d06f765bab5, type: 3}
      propertyPath: unitIcon
      value: 
      objectReference: {fileID: 21300000, guid: db5234f923aefb74eb3aed7820cf5019, type: 3}
    - target: {fileID: 5118758621545945124, guid: 9ca0684ac427a25449aa0d06f765bab5, type: 3}
      propertyPath: unitType
      value: 1
      objectReference: {fileID: 0}
    - target: {fileID: 5118758621545945124, guid: 9ca0684ac427a25449aa0d06f765bab5, type: 3}
      propertyPath: resourceCost
      value: 100
      objectReference: {fileID: 0}
    - target: {fileID: 5336654358151976623, guid: 9ca0684ac427a25449aa0d06f765bab5, type: 3}
      propertyPath: m_Name
      value: UnitMobileTankNew
      objectReference: {fileID: 0}
    - target: {fileID: 5482223721732613534, guid: 9ca0684ac427a25449aa0d06f765bab5, type: 3}
      propertyPath: sightRange
      value: 16
      objectReference: {fileID: 0}
    - target: {fileID: 6057439114582123470, guid: 9ca0684ac427a25449aa0d06f765bab5, type: 3}
      propertyPath: minimap_renderer
      value: 
      objectReference: {fileID: 4264880827052084764}
    - target: {fileID: 6368868163985552084, guid: 9ca0684ac427a25449aa0d06f765bab5, type: 3}
      propertyPath: fireRate
      value: 3
      objectReference: {fileID: 0}
    - target: {fileID: 6368868163985552084, guid: 9ca0684ac427a25449aa0d06f765bab5, type: 3}
      propertyPath: fireRange
      value: 14
      objectReference: {fileID: 0}
    - target: {fileID: 6368868163985552084, guid: 9ca0684ac427a25449aa0d06f765bab5, type: 3}
      propertyPath: rotationSpeed
      value: 150
      objectReference: {fileID: 0}
    - target: {fileID: 6368868163985552084, guid: 9ca0684ac427a25449aa0d06f765bab5, type: 3}
      propertyPath: rotatableObject
      value: 
      objectReference: {fileID: 2928238707077993926}
    - target: {fileID: 6368868163985552084, guid: 9ca0684ac427a25449aa0d06f765bab5, type: 3}
      propertyPath: projectileSpawnPoint
      value: 
      objectReference: {fileID: 6995008888193692368}
    - target: {fileID: 6510556186900053144, guid: 9ca0684ac427a25449aa0d06f765bab5, type: 3}
      propertyPath: m_RootOrder
      value: 0
      objectReference: {fileID: 0}
    - target: {fileID: 6510556186900053144, guid: 9ca0684ac427a25449aa0d06f765bab5, type: 3}
      propertyPath: m_LocalPosition.x
      value: 0
      objectReference: {fileID: 0}
    - target: {fileID: 6510556186900053144, guid: 9ca0684ac427a25449aa0d06f765bab5, type: 3}
      propertyPath: m_LocalPosition.y
      value: 0
      objectReference: {fileID: 0}
    - target: {fileID: 6510556186900053144, guid: 9ca0684ac427a25449aa0d06f765bab5, type: 3}
      propertyPath: m_LocalPosition.z
      value: 0
      objectReference: {fileID: 0}
    - target: {fileID: 6510556186900053144, guid: 9ca0684ac427a25449aa0d06f765bab5, type: 3}
      propertyPath: m_LocalRotation.w
      value: 1
      objectReference: {fileID: 0}
    - target: {fileID: 6510556186900053144, guid: 9ca0684ac427a25449aa0d06f765bab5, type: 3}
      propertyPath: m_LocalRotation.x
      value: 0
      objectReference: {fileID: 0}
    - target: {fileID: 6510556186900053144, guid: 9ca0684ac427a25449aa0d06f765bab5, type: 3}
      propertyPath: m_LocalRotation.y
      value: 0
      objectReference: {fileID: 0}
    - target: {fileID: 6510556186900053144, guid: 9ca0684ac427a25449aa0d06f765bab5, type: 3}
      propertyPath: m_LocalRotation.z
      value: 0
      objectReference: {fileID: 0}
    - target: {fileID: 6510556186900053144, guid: 9ca0684ac427a25449aa0d06f765bab5, type: 3}
      propertyPath: m_LocalEulerAnglesHint.x
      value: 0
      objectReference: {fileID: 0}
    - target: {fileID: 6510556186900053144, guid: 9ca0684ac427a25449aa0d06f765bab5, type: 3}
      propertyPath: m_LocalEulerAnglesHint.y
      value: 0
      objectReference: {fileID: 0}
    - target: {fileID: 6510556186900053144, guid: 9ca0684ac427a25449aa0d06f765bab5, type: 3}
      propertyPath: m_LocalEulerAnglesHint.z
      value: 0
      objectReference: {fileID: 0}
    - target: {fileID: 6558354121745821114, guid: 9ca0684ac427a25449aa0d06f765bab5, type: 3}
      propertyPath: m_Speed
      value: 10
      objectReference: {fileID: 0}
    - target: {fileID: 6558354121745821114, guid: 9ca0684ac427a25449aa0d06f765bab5, type: 3}
      propertyPath: m_Height
      value: 0.96
      objectReference: {fileID: 0}
    - target: {fileID: 6558354121745821114, guid: 9ca0684ac427a25449aa0d06f765bab5, type: 3}
      propertyPath: m_Radius
      value: 1.25
      objectReference: {fileID: 0}
    - target: {fileID: 6558354121745821114, guid: 9ca0684ac427a25449aa0d06f765bab5, type: 3}
      propertyPath: m_AutoBraking
      value: 1
      objectReference: {fileID: 0}
    - target: {fileID: 6558354121745821114, guid: 9ca0684ac427a25449aa0d06f765bab5, type: 3}
      propertyPath: m_AngularSpeed
      value: 150
      objectReference: {fileID: 0}
    - target: {fileID: 6558354121745821114, guid: 9ca0684ac427a25449aa0d06f765bab5, type: 3}
      propertyPath: m_StoppingDistance
      value: 4
      objectReference: {fileID: 0}
    - target: {fileID: 6558354121745821114, guid: 9ca0684ac427a25449aa0d06f765bab5, type: 3}
      propertyPath: m_ObstacleAvoidanceType
      value: 1
      objectReference: {fileID: 0}
    - target: {fileID: 6894134015105575571, guid: 9ca0684ac427a25449aa0d06f765bab5, type: 3}
      propertyPath: m_RenderingLayerMask
      value: 1
      objectReference: {fileID: 0}
    - target: {fileID: 7439182547525778374, guid: 9ca0684ac427a25449aa0d06f765bab5, type: 3}
      propertyPath: renderers.Array.size
      value: 10
      objectReference: {fileID: 0}
    - target: {fileID: 7439182547525778374, guid: 9ca0684ac427a25449aa0d06f765bab5, type: 3}
      propertyPath: renderers.Array.data[0]
      value: 
      objectReference: {fileID: 657323480195916978}
    - target: {fileID: 7439182547525778374, guid: 9ca0684ac427a25449aa0d06f765bab5, type: 3}
      propertyPath: renderers.Array.data[1]
      value: 
      objectReference: {fileID: 3209722078387507393}
    - target: {fileID: 7439182547525778374, guid: 9ca0684ac427a25449aa0d06f765bab5, type: 3}
      propertyPath: renderers.Array.data[2]
      value: 
      objectReference: {fileID: 5258756109741729476}
    - target: {fileID: 7439182547525778374, guid: 9ca0684ac427a25449aa0d06f765bab5, type: 3}
      propertyPath: renderers.Array.data[3]
      value: 
      objectReference: {fileID: 3437400267614425587}
    - target: {fileID: 7439182547525778374, guid: 9ca0684ac427a25449aa0d06f765bab5, type: 3}
      propertyPath: renderers.Array.data[4]
      value: 
      objectReference: {fileID: 8552438599360445737}
    - target: {fileID: 7439182547525778374, guid: 9ca0684ac427a25449aa0d06f765bab5, type: 3}
      propertyPath: renderers.Array.data[5]
      value: 
      objectReference: {fileID: 8428314577132009510}
    - target: {fileID: 7439182547525778374, guid: 9ca0684ac427a25449aa0d06f765bab5, type: 3}
      propertyPath: renderers.Array.data[6]
      value: 
      objectReference: {fileID: 1435371518982929290}
    - target: {fileID: 7439182547525778374, guid: 9ca0684ac427a25449aa0d06f765bab5, type: 3}
      propertyPath: renderers.Array.data[7]
      value: 
      objectReference: {fileID: 8769503140171143258}
    - target: {fileID: 7439182547525778374, guid: 9ca0684ac427a25449aa0d06f765bab5, type: 3}
      propertyPath: renderers.Array.data[8]
      value: 
      objectReference: {fileID: 2586213105649667651}
    - target: {fileID: 7439182547525778374, guid: 9ca0684ac427a25449aa0d06f765bab5, type: 3}
      propertyPath: renderers.Array.data[9]
      value: 
      objectReference: {fileID: 4264880827052084764}
    - target: {fileID: 7439182547525778374, guid: 9ca0684ac427a25449aa0d06f765bab5, type: 3}
      propertyPath: renderers.Array.data[10]
      value: 
      objectReference: {fileID: 0}
    - target: {fileID: 8681706039221592921, guid: 9ca0684ac427a25449aa0d06f765bab5, type: 3}
      propertyPath: sceneId
      value: 0
      objectReference: {fileID: 0}
    - target: {fileID: 8681706039221592921, guid: 9ca0684ac427a25449aa0d06f765bab5, type: 3}
      propertyPath: m_AssetId
      value: 
      objectReference: {fileID: 0}
    - target: {fileID: 9082162726528225896, guid: 9ca0684ac427a25449aa0d06f765bab5, type: 3}
      propertyPath: m_LocalScale.y
      value: 0.09401707
      objectReference: {fileID: 0}
    - target: {fileID: 9082162726528225896, guid: 9ca0684ac427a25449aa0d06f765bab5, type: 3}
      propertyPath: m_LocalPosition.y
      value: 0.251
      objectReference: {fileID: 0}
    m_RemovedComponents: []
  m_SourcePrefab: {fileID: 100100000, guid: 9ca0684ac427a25449aa0d06f765bab5, type: 3}
--- !u!4 &4528686650397054999 stripped
Transform:
  m_CorrespondingSourceObject: {fileID: 6510556186900053144, guid: 9ca0684ac427a25449aa0d06f765bab5, type: 3}
  m_PrefabInstance: {fileID: 7242637952535127183}
  m_PrefabAsset: {fileID: 0}
--- !u!23 &4264880827052084764 stripped
MeshRenderer:
  m_CorrespondingSourceObject: {fileID: 6894134015105575571, guid: 9ca0684ac427a25449aa0d06f765bab5, type: 3}
  m_PrefabInstance: {fileID: 7242637952535127183}
  m_PrefabAsset: {fileID: 0}
--- !u!1 &3354229567185105440 stripped
GameObject:
  m_CorrespondingSourceObject: {fileID: 5336654358151976623, guid: 9ca0684ac427a25449aa0d06f765bab5, type: 3}
  m_PrefabInstance: {fileID: 7242637952535127183}
  m_PrefabAsset: {fileID: 0}
--- !u!1001 &8831458208573497433
PrefabInstance:
  m_ObjectHideFlags: 0
  serializedVersion: 2
  m_Modification:
    m_TransformParent: {fileID: 4528686650397054999}
    m_Modifications:
    - target: {fileID: 3612488144679648917, guid: d381c818e62079749a811926de31594b, type: 3}
      propertyPath: m_RootOrder
      value: 8
      objectReference: {fileID: 0}
    - target: {fileID: 3612488144679648917, guid: d381c818e62079749a811926de31594b, type: 3}
      propertyPath: m_LocalPosition.x
      value: 0
      objectReference: {fileID: 0}
    - target: {fileID: 3612488144679648917, guid: d381c818e62079749a811926de31594b, type: 3}
      propertyPath: m_LocalPosition.y
      value: 0
      objectReference: {fileID: 0}
    - target: {fileID: 3612488144679648917, guid: d381c818e62079749a811926de31594b, type: 3}
      propertyPath: m_LocalPosition.z
      value: 0
      objectReference: {fileID: 0}
    - target: {fileID: 3612488144679648917, guid: d381c818e62079749a811926de31594b, type: 3}
      propertyPath: m_LocalRotation.w
      value: 1
      objectReference: {fileID: 0}
    - target: {fileID: 3612488144679648917, guid: d381c818e62079749a811926de31594b, type: 3}
      propertyPath: m_LocalRotation.x
      value: 0
      objectReference: {fileID: 0}
    - target: {fileID: 3612488144679648917, guid: d381c818e62079749a811926de31594b, type: 3}
      propertyPath: m_LocalRotation.y
      value: 0
      objectReference: {fileID: 0}
    - target: {fileID: 3612488144679648917, guid: d381c818e62079749a811926de31594b, type: 3}
      propertyPath: m_LocalRotation.z
      value: 0
      objectReference: {fileID: 0}
    - target: {fileID: 3612488144679648917, guid: d381c818e62079749a811926de31594b, type: 3}
      propertyPath: m_LocalEulerAnglesHint.x
      value: 0
      objectReference: {fileID: 0}
    - target: {fileID: 3612488144679648917, guid: d381c818e62079749a811926de31594b, type: 3}
      propertyPath: m_LocalEulerAnglesHint.y
      value: 0
      objectReference: {fileID: 0}
    - target: {fileID: 3612488144679648917, guid: d381c818e62079749a811926de31594b, type: 3}
      propertyPath: m_LocalEulerAnglesHint.z
      value: 0
      objectReference: {fileID: 0}
    - target: {fileID: 4137104361874580527, guid: d381c818e62079749a811926de31594b, type: 3}
      propertyPath: m_Name
      value: mobilecar_prefab
      objectReference: {fileID: 0}
    m_RemovedComponents: []
  m_SourcePrefab: {fileID: 100100000, guid: d381c818e62079749a811926de31594b, type: 3}
--- !u!4 &5236989967486131916 stripped
Transform:
  m_CorrespondingSourceObject: {fileID: 3612488144679648917, guid: d381c818e62079749a811926de31594b, type: 3}
  m_PrefabInstance: {fileID: 8831458208573497433}
  m_PrefabAsset: {fileID: 0}
--- !u!23 &657323480195916978 stripped
MeshRenderer:
  m_CorrespondingSourceObject: {fileID: 8327415521651901675, guid: d381c818e62079749a811926de31594b, type: 3}
  m_PrefabInstance: {fileID: 8831458208573497433}
  m_PrefabAsset: {fileID: 0}
--- !u!23 &3209722078387507393 stripped
MeshRenderer:
  m_CorrespondingSourceObject: {fileID: 6198251930146255000, guid: d381c818e62079749a811926de31594b, type: 3}
  m_PrefabInstance: {fileID: 8831458208573497433}
  m_PrefabAsset: {fileID: 0}
--- !u!23 &1435371518982929290 stripped
MeshRenderer:
  m_CorrespondingSourceObject: {fileID: 7594426566869490643, guid: d381c818e62079749a811926de31594b, type: 3}
  m_PrefabInstance: {fileID: 8831458208573497433}
  m_PrefabAsset: {fileID: 0}
--- !u!23 &8428314577132009510 stripped
MeshRenderer:
  m_CorrespondingSourceObject: {fileID: 1042802120635979903, guid: d381c818e62079749a811926de31594b, type: 3}
  m_PrefabInstance: {fileID: 8831458208573497433}
  m_PrefabAsset: {fileID: 0}
--- !u!23 &3437400267614425587 stripped
MeshRenderer:
  m_CorrespondingSourceObject: {fileID: 6141710495662911914, guid: d381c818e62079749a811926de31594b, type: 3}
  m_PrefabInstance: {fileID: 8831458208573497433}
  m_PrefabAsset: {fileID: 0}
--- !u!23 &2586213105649667651 stripped
MeshRenderer:
  m_CorrespondingSourceObject: {fileID: 6443445371083320858, guid: d381c818e62079749a811926de31594b, type: 3}
  m_PrefabInstance: {fileID: 8831458208573497433}
  m_PrefabAsset: {fileID: 0}
--- !u!23 &8552438599360445737 stripped
MeshRenderer:
  m_CorrespondingSourceObject: {fileID: 882698813872856432, guid: d381c818e62079749a811926de31594b, type: 3}
  m_PrefabInstance: {fileID: 8831458208573497433}
  m_PrefabAsset: {fileID: 0}
--- !u!4 &2928238707077993926 stripped
Transform:
  m_CorrespondingSourceObject: {fileID: 5921272424796911007, guid: d381c818e62079749a811926de31594b, type: 3}
  m_PrefabInstance: {fileID: 8831458208573497433}
  m_PrefabAsset: {fileID: 0}
--- !u!23 &8769503140171143258 stripped
MeshRenderer:
  m_CorrespondingSourceObject: {fileID: 233110585802881027, guid: d381c818e62079749a811926de31594b, type: 3}
  m_PrefabInstance: {fileID: 8831458208573497433}
  m_PrefabAsset: {fileID: 0}
--- !u!23 &5258756109741729476 stripped
MeshRenderer:
  m_CorrespondingSourceObject: {fileID: 3635951511695591069, guid: d381c818e62079749a811926de31594b, type: 3}
  m_PrefabInstance: {fileID: 8831458208573497433}
  m_PrefabAsset: {fileID: 0}
